<record xmlns="http://www.loc.gov/MARC21/slim" xmlns:xsi="http://www.w3.org/2001/XMLSchema-instance" xsi:schemaLocation="http://www.loc.gov/MARC21/slim http://www.loc.gov/standards/marcxml/schema/MARC21slim.xsd"><leader>     nam a22        4500</leader><controlfield tag="001">3071693</controlfield><controlfield tag="003">NNC</controlfield><controlfield tag="006">m        d        </controlfield><controlfield tag="007">cr cn |||m|||a</controlfield><controlfield tag="008">150316s1905    ua      o     000 0 araod</controlfield><datafield ind1=" " ind2=" " tag="040"><subfield code="a">NNU</subfield><subfield code="b">eng</subfield><subfield code="e">rda</subfield><subfield code="c">NNU</subfield></datafield><datafield ind1=" " ind2="4" tag="050"><subfield code="a">PJ7760</subfield><subfield code="b">.I13 N96 A17 1905</subfield></datafield><datafield ind1="0" ind2="4" tag="082"><subfield code="a">892.7</subfield><subfield code="b">Ib569d</subfield></datafield><datafield ind1="1" ind2=" " tag="100"><subfield code="6">880-01</subfield><subfield code="a">Ibn Nuba&#772;tah, Muh&#803;ammad ibn Muh&#803;ammad,</subfield><subfield code="d">1287-1366.</subfield></datafield><datafield ind1="1" ind2="0" tag="240"><subfield code="6">880-02</subfield><subfield code="a">Poems.</subfield></datafield><datafield ind1="1" ind2="0" tag="245"><subfield code="6">880-03</subfield><subfield code="a">Di&#772;wa&#772;n Ibn Nuba&#772;tah al-Mis&#803;ri&#772; /</subfield><subfield code="c">li-Jama&#772;l al-Di&#772;n ibn Nuba&#772;tah al-Mis&#803;ri&#772; al-Fa&#772;ru&#772;qi&#772; ; tah&#803;qi&#772;q Muh&#803;ammd bin Ibra&#772;hi&#772;m al-Bashtaki&#772;.</subfield></datafield><datafield ind1=" " ind2=" " tag="250"><subfield code="6">880-04</subfield><subfield code="a">al-T&#803;ab&#699;ah 1.</subfield></datafield><datafield ind1=" " ind2=" " tag="260"><subfield code="6">880-05</subfield><subfield code="a">Mis&#803;r :</subfield><subfield code="b">Mat&#803;ba&#699;at al-Tamaddun,</subfield><subfield code="c">1905.</subfield></datafield><datafield ind1=" " ind2=" " tag="300"><subfield code="a">online resource (3, 596 pages)</subfield></datafield><datafield ind1=" " ind2=" " tag="336"><subfield code="a">text</subfield><subfield code="2">rdacontent</subfield></datafield><datafield ind1=" " ind2=" " tag="337"><subfield code="a">computer</subfield><subfield code="2">rdamedia</subfield></datafield><datafield ind1=" " ind2=" " tag="338"><subfield code="a">online resource</subfield><subfield code="2">rdacarrier</subfield></datafield><datafield ind1=" " ind2=" " tag="500"><subfield code="a">Part of the Arabic Collections Online (ACO) project, contributed by Columbia University Libraries.</subfield></datafield><datafield ind1=" " ind2=" " tag="533"><subfield code="a">Electronic reproduction.</subfield><subfield code="b">New York, N.Y. :</subfield><subfield code="c">New York University,</subfield><subfield code="d">2015.</subfield><subfield code="5">NNU</subfield></datafield><datafield ind1="1" ind2=" " tag="700"><subfield code="6">880-06</subfield><subfield code="a">Bashtaki&#772;, Muh&#803;ammd bin Ibra&#772;hi&#772;m. </subfield></datafield><datafield ind1="2" ind2=" " tag="710"><subfield code="a">Columbia University.</subfield><subfield code="b">Libraries.</subfield></datafield><datafield ind1="0" ind2=" " tag="730"><subfield code="a">Arabic Collections Online.</subfield></datafield><datafield ind1="0" ind2="8" tag="776"><subfield code="i">Online version:</subfield><subfield code="a">Ibn Nuba&#772;tah, Muh&#803;ammad ibn Muh&#803;ammad, 1287-1366.</subfield><subfield code="t">Di&#772;wa&#772;n ibn Nuba&#772;tah al-Mis&#803;ri&#772;yah.</subfield><subfield code="b">al-T&#803;ab&#699;ah 1.</subfield><subfield code="d">Mis&#803;r, Mat&#803;ba&#699;at al-Tamaddun, 1905</subfield><subfield code="w">(OCoLC)586059211</subfield></datafield><datafield ind1="0" ind2="8" tag="776"><subfield code="i">Print version:</subfield><subfield code="a">Ibn Nuba&#772;tah, Muh&#803;ammad ibn Muh&#803;ammad, 1287-1366.</subfield><subfield code="t">Di&#772;wa&#772;n Ibn Nuba&#772;tah al-Mis&#803;ri&#772;</subfield><subfield code="w">(NNC)3071693</subfield><subfield code="w">(OCoLC)23514533</subfield></datafield><datafield ind1="4" ind2="0" tag="856"><subfield code="u">http://hdl.handle.net/2333.1/9w0vt6nh</subfield></datafield><datafield ind1="1" ind2=" " tag="880"><subfield code="6">100-01/r</subfield><subfield code="a">&#1575;&#1576;&#1606; &#1606;&#1576;&#1575;&#1578;&#1577;&#1548; &#1605;&#1581;&#1605;&#1583; &#1576;&#1606; &#1605;&#1581;&#1605;&#1583;.</subfield></datafield><datafield ind1="1" ind2="0" tag="880"><subfield code="6">240-02/r</subfield><subfield code="a">&#1571;&#1588;&#1593;&#1575;&#1585;</subfield></datafield><datafield ind1="1" ind2="0" tag="880"><subfield code="6">245-03/r</subfield><subfield code="a">&#1583;&#1610;&#1608;&#1575;&#1606; &#1575;&#1576;&#1606; &#1606;&#1576;&#1575;&#1578;&#1577; &#1575;&#1604;&#1605;&#1589;&#1585;&#1610; /</subfield><subfield code="c">&#1604;&#1604;&#1588;&#1575;&#1593;&#1585; &#1580;&#1605;&#1575;&#1604; &#1575;&#1604;&#1583;&#1610;&#1606; &#1576;&#1606; &#1606;&#1576;&#1575;&#1578;&#1577; &#1575;&#1604;&#1605;&#1589;&#1585;&#1610; &#1575;&#1604;&#1601;&#1575;&#1585;&#1608;&#1602;&#1610; &#1563; [&#1578;&#1581;&#1602;&#1610;&#1602; &#1605;&#1581;&#1605;&#1583; &#1576;&#1606; &#1575;&#1576;&#1585;&#1575;&#1607;&#1610;&#1605; &#1575;&#1604;&#1576;&#1588;&#1578;&#1603;&#1610;].</subfield></datafield><datafield ind1=" " ind2=" " tag="880"><subfield code="6">250-04/r</subfield><subfield code="a">&#1575;&#1604;&#1591;&#1576;&#1593;&#1577; 1.</subfield></datafield><datafield ind1=" " ind2=" " tag="880"><subfield code="6">260-05/r</subfield><subfield code="a">&#1605;&#1589;&#1585; :</subfield><subfield code="b">&#1605;&#1591;&#1576;&#1593;&#1577; &#1575;&#1604;&#1578;&#1593;&#1575;&#1608;&#1606;&#1548;</subfield><subfield code="c">1905.</subfield></datafield><datafield ind1="1" ind2=" " tag="880"><subfield code="6">700-06/r</subfield><subfield code="a">&#1576;&#1588;&#1578;&#1603;&#1610;&#1548; &#1605;&#1581;&#1605;&#1583; &#1576;&#1606; &#1575;&#1576;&#1585;&#1575;&#1607;&#1610;&#1605;. </subfield></datafield><datafield ind1=" " ind2=" " tag="959"><subfield code="a">NNU</subfield><subfield code="b">WEB</subfield><subfield code="c">GENI</subfield><subfield code="t">0</subfield><subfield code="m">Electronic access</subfield><subfield code="s">01</subfield></datafield><datafield ind1=" " ind2=" " tag="999"><subfield code="i">NNC_3071693</subfield><subfield code="o">(OCoLC)ocm23514533</subfield><subfield code="e">(ERROR-880)</subfield><subfield code="s">columbia_aco000402</subfield></datafield></record>